@MISC{plane1,
author = {Pinterest},
title = {Yaw Axis Corrected},
year = {2018},
url = {https://www.pinterest.com/pin/482025966348343895}
}

@MISC{phone,
author = {Android Diagram},
title = {Phone Axes Plot},
year = {2018},
url = {https://stackoverflow.com/questions/11175599/how-to-measure-the-tilt-of-the-phone-in-xy-plane-using-accelerometer-in-android}
}

@ARTICLE{hmog, 
author={Z. Sitová and J. Šeděnka and Q. Yang and G. Peng and G. Zhou and P. Gasti and K. S. Balagani}, 
journal={IEEE Transactions on Information Forensics and Security}, 
title={HMOG: New Behavioral Biometric Features for Continuous Authentication of Smartphone Users}, 
year={2016}, 
volume={11}, 
number={5}, 
pages={877-892}, 
keywords={message authentication;smart phones;HMOG feature extraction;authentication equal error rates;behavioral biometric features;biometric key generation performance;continuous authentication;hand movement orientation and grasp;smartphone users;Accelerometers;Authentication;Feature extraction;Gyroscopes;Legged locomotion;Magnetometers;Resistance;Behavioral biometrics;HMOG;biometric key generation;continuous authentication;energy evaluation}, 
doi={10.1109/TIFS.2015.2506542}, 
ISSN={1556-6013}, 
month={May},}